<record><leader>00000cas a2200000 a 4500</leader><controlfield tag="001">43461833</controlfield><controlfield tag="008">000215d18601860nyudn ne      0    0eng c</controlfield><datafield ind1=" " ind2=" " tag="010"><subfield code="a">sn 00063003 </subfield></datafield><datafield ind1=" " ind2=" " tag="040"><subfield code="a">NYS</subfield><subfield code="b">eng</subfield><subfield code="c">NYS</subfield><subfield code="d">OCLCQ</subfield><subfield code="d">OCLCF</subfield><subfield code="d">OCLCO</subfield></datafield><datafield ind1="1" ind2=" " tag="029"><subfield code="a">AU@</subfield><subfield code="b">000021382048</subfield></datafield><datafield ind1=" " ind2=" " tag="042"><subfield code="a">pcc</subfield></datafield><datafield ind1=" " ind2=" " tag="043"><subfield code="a">n-us-ny</subfield></datafield><datafield ind1="0" ind2="4" tag="245"><subfield code="a">The Daily corrector.</subfield></datafield><datafield ind1=" " ind2=" " tag="260"><subfield code="a">Sag-Harbor, N.Y. :</subfield><subfield code="b">B.D. Sleight &amp; A.A. Hunt,</subfield><subfield code="c">1860.</subfield></datafield><datafield ind1=" " ind2=" " tag="300"><subfield code="a">v. ;</subfield><subfield code="c">43 cm.</subfield></datafield><datafield ind1=" " ind2=" " tag="310"><subfield code="a">Daily (except Sunday)</subfield></datafield><datafield ind1="0" ind2=" " tag="362"><subfield code="a">Vol. 1, no. 1 (Sept. 5, 1860)-v. 1, no. 57 (Nov. 9, 1860).</subfield></datafield><datafield ind1=" " ind2=" " tag="500"><subfield code="a">"National Union Party."</subfield></datafield><datafield ind1=" " ind2=" " tag="500"><subfield code="a">Editor: Thos. R. Agnew.</subfield></datafield><datafield ind1="2" ind2="0" tag="610"><subfield code="a">Constitutional Union Party (U.S.)</subfield><subfield code="v">Newspapers.</subfield></datafield><datafield ind1=" " ind2="0" tag="651"><subfield code="a">Sag Harbor (N.Y.)</subfield><subfield code="v">Newspapers.</subfield></datafield><datafield ind1=" " ind2="0" tag="651"><subfield code="a">Suffolk County (N.Y.)</subfield><subfield code="v">Newspapers.</subfield></datafield><datafield ind1=" " ind2="7" tag="655"><subfield code="a">Newspapers.</subfield><subfield code="2">fast</subfield><subfield code="0">(OCoLC)fst01423814</subfield></datafield><datafield ind1="2" ind2="7" tag="610"><subfield code="a">Constitutional Union Party (U.S.)</subfield><subfield code="2">fast</subfield><subfield code="0">(OCoLC)fst00675839</subfield></datafield><datafield ind1=" " ind2="7" tag="651"><subfield code="a">New York (State)</subfield><subfield code="z">Sag Harbor.</subfield><subfield code="2">fast</subfield><subfield code="0">(OCoLC)fst01229282</subfield></datafield><datafield ind1=" " ind2="7" tag="651"><subfield code="a">New York (State)</subfield><subfield code="z">Suffolk County.</subfield><subfield code="2">fast</subfield><subfield code="0">(OCoLC)fst01207260</subfield></datafield><datafield ind1=" " ind2=" " tag="752"><subfield code="a">United States</subfield><subfield code="b">New York</subfield><subfield code="c">Suffolk</subfield><subfield code="d">Sag Harbor.</subfield></datafield><datafield ind1="0" ind2=" " tag="775"><subfield code="t">Corrector (Sag Harbor, N.Y.)</subfield><subfield code="w">(DLC)sn 83031606</subfield><subfield code="w">(OCoLC)9906363</subfield></datafield></record>